{
  "leader": "03060cam a2200577 a 4500",
  "fields": [
    {
      "001": "ocn104866324"
    },
    {
      "003": "OCoLC"
    },
    {
      "005": "20220103100627.0"
    },
    {
      "008": "070322s2007\\\\\\\\dcua\\\\\\\\\\b\\\\\\\\001\\0\\eng\\\\"
    },
    {
      "010": {
        "ind1": "\\",
        "ind2": "\\",
        "subfields": [
          {
            "a": "  2007011391"
          }
        ]
      }
    },
    {
      "040": {
        "ind1": "\\",
        "ind2": "\\",
        "subfields": [
          {
            "a": "DLC"
          },
          {
            "b": "eng"
          },
          {
            "c": "DLC"
          },
          {
            "d": "BKX"
          },
          {
            "d": "BAKER"
          },
          {
            "d": "BTCTA"
          },
          {
            "d": "UKM"
          },
          {
            "d": "JED"
          },
          {
            "d": "EHH"
          },
          {
            "d": "YDXCP"
          },
          {
            "d": "XY4"
          },
          {
            "d": "VP@"
          },
          {
            "d": "GZI"
          },
          {
            "d": "NOR"
          },
          {
            "d": "TSU"
          },
          {
            "d": "NXA"
          },
          {
            "d": "JQD"
          },
          {
            "d": "BDX"
          },
          {
            "d": "NAM"
          },
          {
            "d": "OCLCF"
          },
          {
            "d": "OCLCQ"
          },
          {
            "d": "OCL"
          },
          {
            "d": "OCLCQ"
          },
          {
            "d": "AL5CW"
          },
          {
            "d": "NJK"
          },
          {
            "d": "VBO"
          },
          {
            "d": "QQ3"
          },
          {
            "d": "BRL"
          },
          {
            "d": "JDP"
          },
          {
            "d": "UKMGB"
          },
          {
            "d": "OCL"
          },
          {
            "d": "OCLCO"
          },
          {
            "d": "CPO"
          },
          {
            "d": "OCLCO"
          },
          {
            "d": "GFC"
          },
          {
            "d": "CFS"
          }
        ]
      }
    },
    {
      "015": {
        "ind1": "\\",
        "ind2": "\\",
        "subfields": [
          {
            "a": "GBA764279"
          },
          {
            "2": "bnb"
          }
        ]
      }
    },
    {
      "016": {
        "ind1": "7",
        "ind2": "\\",
        "subfields": [
          {
            "a": "013818298"
          },
          {
            "2": "Uk"
          }
        ]
      }
    },
    {
      "020": {
        "ind1": "\\",
        "ind2": "\\",
        "subfields": [
          {
            "a": "9781426301384"
          },
          {
            "q": "(library ;"
          },
          {
            "q": "alk. paper)"
          }
        ]
      }
    },
    {
      "020": {
        "ind1": "\\",
        "ind2": "\\",
        "subfields": [
          {
            "a": "1426301383"
          },
          {
            "q": "(library ;"
          },
          {
            "q": "alk. paper)"
          }
        ]
      }
    },
    {
      "020": {
        "ind1": "\\",
        "ind2": "\\",
        "subfields": [
          {
            "a": "9781426301377"
          },
          {
            "q": "(trade ;"
          },
          {
            "q": "alk. paper)"
          }
        ]
      }
    },
    {
      "020": {
        "ind1": "\\",
        "ind2": "\\",
        "subfields": [
          {
            "a": "1426301375"
          },
          {
            "q": "(trade ;"
          },
          {
            "q": "alk. paper)"
          }
        ]
      }
    },
    {
      "035": {
        "ind1": "\\",
        "ind2": "\\",
        "subfields": [
          {
            "a": "(OCoLC)104866324"
          }
        ]
      }
    },
    {
      "043": {
        "ind1": "\\",
        "ind2": "\\",
        "subfields": [
          {
            "a": "n-us---"
          }
        ]
      }
    },
    {
      "050": {
        "ind1": "0",
        "ind2": "0",
        "subfields": [
          {
            "a": "PN4888.I56"
          },
          {
            "b": "B38 2007"
          }
        ]
      }
    },
    {
      "082": {
        "ind1": "0",
        "ind2": "0",
        "subfields": [
          {
            "a": "070.430973"
          },
          {
            "b": "BAU"
          }
        ]
      }
    },
    {
      "096": {
        "ind1": "\\",
        "ind2": "\\",
        "subfields": [
          {
            "a": "070.4 Bau"
          }
        ]
      }
    },
    {
      "096": {
        "ind1": "\\",
        "ind2": "\\",
        "subfields": [
          {
            "a": "070.4 G351m"
          }
        ]
      }
    },
    {
      "100": {
        "ind1": "1",
        "ind2": "\\",
        "subfields": [
          {
            "a": "Bausum, Ann."
          }
        ]
      }
    },
    {
      "245": {
        "ind1": "1",
        "ind2": "0",
        "subfields": [
          {
            "a": "Muckrakers :"
          },
          {
            "b": "how Ida Tarbell, Upton Sinclair, and Lincoln Steffens helped expose scandal, inspire reform, and invent investigative journalism /"
          },
          {
            "c": "by Ann Bausum ; foreword by Daniel Schorr."
          }
        ]
      }
    },
    {
      "260": {
        "ind1": "\\",
        "ind2": "\\",
        "subfields": [
          {
            "a": "Washington, D.C. :"
          },
          {
            "b": "National Geographic,"
          },
          {
            "c": "\u00a92007."
          }
        ]
      }
    },
    {
      "300": {
        "ind1": "\\",
        "ind2": "\\",
        "subfields": [
          {
            "a": "111 pages :"
          },
          {
            "b": "illustrations ;"
          },
          {
            "c": "27 cm"
          }
        ]
      }
    },
    {
      "336": {
        "ind1": "\\",
        "ind2": "\\",
        "subfields": [
          {
            "a": "text"
          },
          {
            "b": "txt"
          },
          {
            "2": "rdacontent"
          }
        ]
      }
    },
    {
      "337": {
        "ind1": "\\",
        "ind2": "\\",
        "subfields": [
          {
            "a": "unmediated"
          },
          {
            "b": "n"
          },
          {
            "2": "rdamedia"
          }
        ]
      }
    },
    {
      "338": {
        "ind1": "\\",
        "ind2": "\\",
        "subfields": [
          {
            "a": "volume"
          },
          {
            "b": "nc"
          },
          {
            "2": "rdacarrier"
          }
        ]
      }
    },
    {
      "504": {
        "ind1": "\\",
        "ind2": "\\",
        "subfields": [
          {
            "a": "Includes bibliographical references (page 105) and index."
          }
        ]
      }
    },
    {
      "505": {
        "ind1": "0",
        "ind2": "0",
        "subfields": [
          {
            "t": "Foreword /"
          },
          {
            "r": "Daniel Schorr --"
          },
          {
            "t": "Introduction --"
          },
          {
            "g": "1."
          },
          {
            "t": "The shame of the nation --"
          },
          {
            "g": "2."
          },
          {
            "t": "Muckraker origins --"
          },
          {
            "g": "3."
          },
          {
            "t": "Fighting the octopus --"
          },
          {
            "g": "4."
          },
          {
            "t": "Labor and lamb chops --"
          },
          {
            "g": "5."
          },
          {
            "t": "Shaking the foundations --"
          },
          {
            "g": "6."
          },
          {
            "t": "An enduring tradition --"
          },
          {
            "t": "Afterword --"
          },
          {
            "t": "Time line of muckraking and pantheon of muckrakers --"
          },
          {
            "t": "Resource guide --"
          },
          {
            "t": "Bibliography --"
          },
          {
            "t": "Research notes and acknowledgments --"
          },
          {
            "t": "Citations and illustrations credits --"
          },
          {
            "t": "Index."
          }
        ]
      }
    },
    {
      "520": {
        "ind1": "\\",
        "ind2": "\\",
        "subfields": [
          {
            "a": "Examines the investigative reporting of journalists that exposed corporate, labor, and political corruption in the 20th century."
          }
        ]
      }
    },
    {
      "586": {
        "ind1": "\\",
        "ind2": "\\",
        "subfields": [
          {
            "a": "NCTE Orbis Pictus Award for Outstanding Nonfiction for Children Honor Book, 2008"
          }
        ]
      }
    },
    {
      "600": {
        "ind1": "1",
        "ind2": "0",
        "subfields": [
          {
            "a": "Tarbell, Ida M."
          },
          {
            "q": "(Ida Minerva),"
          },
          {
            "d": "1857-1944."
          }
        ]
      }
    },
    {
      "600": {
        "ind1": "1",
        "ind2": "0",
        "subfields": [
          {
            "a": "Sinclair, Upton,"
          },
          {
            "d": "1878-1968."
          }
        ]
      }
    },
    {
      "600": {
        "ind1": "1",
        "ind2": "0",
        "subfields": [
          {
            "a": "Steffens, Lincoln,"
          },
          {
            "d": "1866-1936."
          }
        ]
      }
    },
    {
      "600": {
        "ind1": "1",
        "ind2": "7",
        "subfields": [
          {
            "a": "Sinclair, Upton,"
          },
          {
            "d": "1878-1968."
          },
          {
            "2": "fast"
          },
          {
            "0": "(OCoLC)fst00045275"
          }
        ]
      }
    },
    {
      "600": {
        "ind1": "1",
        "ind2": "7",
        "subfields": [
          {
            "a": "Steffens, Lincoln,"
          },
          {
            "d": "1866-1936."
          },
          {
            "2": "fast"
          },
          {
            "0": "(OCoLC)fst00113952"
          }
        ]
      }
    },
    {
      "600": {
        "ind1": "1",
        "ind2": "7",
        "subfields": [
          {
            "a": "Tarbell, Ida M."
          },
          {
            "q": "(Ida Minerva),"
          },
          {
            "d": "1857-1944."
          },
          {
            "2": "fast"
          },
          {
            "0": "(OCoLC)fst00002473"
          }
        ]
      }
    },
    {
      "650": {
        "ind1": "\\",
        "ind2": "0",
        "subfields": [
          {
            "a": "Investigative reporting"
          },
          {
            "z": "United States"
          },
          {
            "x": "History"
          },
          {
            "y": "20th century."
          }
        ]
      }
    },
    {
      "650": {
        "ind1": "\\",
        "ind2": "7",
        "subfields": [
          {
            "a": "Investigative reporting."
          },
          {
            "2": "fast"
          },
          {
            "0": "(OCoLC)fst00978154"
          }
        ]
      }
    },
    {
      "651": {
        "ind1": "\\",
        "ind2": "7",
        "subfields": [
          {
            "a": "United States."
          },
          {
            "2": "fast"
          },
          {
            "0": "(OCoLC)fst01204155"
          }
        ]
      }
    },
    {
      "648": {
        "ind1": "\\",
        "ind2": "7",
        "subfields": [
          {
            "a": "1900-1999"
          },
          {
            "2": "fast"
          }
        ]
      }
    },
    {
      "655": {
        "ind1": "\\",
        "ind2": "7",
        "subfields": [
          {
            "a": "Literature."
          },
          {
            "2": "fast"
          },
          {
            "0": "(OCoLC)fst01921716"
          }
        ]
      }
    },
    {
      "655": {
        "ind1": "\\",
        "ind2": "7",
        "subfields": [
          {
            "a": "History."
          },
          {
            "2": "fast"
          },
          {
            "0": "(OCoLC)fst01411628"
          }
        ]
      }
    },
    {
      "655": {
        "ind1": "\\",
        "ind2": "7",
        "subfields": [
          {
            "a": "Literature."
          },
          {
            "2": "lcgft"
          }
        ]
      }
    },
    {
      "776": {
        "ind1": "0",
        "ind2": "8",
        "subfields": [
          {
            "i": "Online version:"
          },
          {
            "a": "Bausum, Ann."
          },
          {
            "t": "Muckrakers."
          },
          {
            "d": "Washington, D.C. : National Geographic, \u00a92007"
          },
          {
            "w": "(OCoLC)608457027"
          }
        ]
      }
    },
    {
      "994": {
        "ind1": "\\",
        "ind2": "\\",
        "subfields": [
          {
            "a": "Z0"
          },
          {
            "b": "NYRVC"
          }
        ]
      }
    },
    {
      "948": {
        "ind1": "\\",
        "ind2": "\\",
        "subfields": [
          {
            "h": "NO HOLDINGS IN NYRVC - 791 OTHER HOLDINGS"
          }
        ]
      }
    },
    {
      "999": {
        "ind1": "\\",
        "ind2": "\\",
        "subfields": [
          {
            "a": "00000000016650"
          }
        ]
      }
    }
  ]
}